<record><leader>00000cas a22000007a 4500</leader><controlfield tag="001">13462146</controlfield><controlfield tag="008">860421c19639999wiubx ne      0   a0eng d</controlfield><datafield ind1=" " ind2=" " tag="010"><subfield code="a">sn 86086188 </subfield></datafield><datafield ind1=" " ind2=" " tag="040"><subfield code="a">NPV</subfield><subfield code="b">eng</subfield><subfield code="c">NPV</subfield><subfield code="d">NSD</subfield><subfield code="d">OCLCQ</subfield></datafield><datafield ind1=" " ind2=" " tag="012"><subfield code="m">0</subfield></datafield><datafield ind1="0" ind2=" " tag="022"><subfield code="a">1080-3831</subfield><subfield code="l">1080-3831</subfield><subfield code="2">1</subfield></datafield><datafield ind1=" " ind2=" " tag="037"><subfield code="b">Island Gazette Co., 904 Whitefish St., La Pointe, WI 54850</subfield></datafield><datafield ind1=" " ind2=" " tag="042"><subfield code="a">msc</subfield><subfield code="a">nsdp</subfield></datafield><datafield ind1="0" ind2=" " tag="130"><subfield code="a">Island gazette (La Pointe, Wis.)</subfield></datafield><datafield ind1=" " ind2="0" tag="222"><subfield code="a">Island gazette</subfield><subfield code="b">(La Pointe, Wis.)</subfield></datafield><datafield ind1="1" ind2="0" tag="245"><subfield code="a">Island gazette.</subfield></datafield><datafield ind1=" " ind2=" " tag="260"><subfield code="a">La Pointe, Wis. :</subfield><subfield code="b">[E. Erickson]</subfield></datafield><datafield ind1=" " ind2=" " tag="300"><subfield code="a">v. :</subfield><subfield code="b">ill.</subfield></datafield><datafield ind1=" " ind2=" " tag="310"><subfield code="a">Seven no. a year</subfield></datafield><datafield ind1="1" ind2=" " tag="362"><subfield code="a">Began in 1963?</subfield></datafield><datafield ind1=" " ind2=" " tag="588"><subfield code="a">Description based on: Vol. 2, no. 4 (Feb. 5, 1966).</subfield></datafield><datafield ind1=" " ind2=" " tag="588"><subfield code="a">Latest issue consulted: Vol. 29, no. 5 (June 21 to Aug. 30, 1992).</subfield></datafield><datafield ind1=" " ind2=" " tag="752"><subfield code="a">United States</subfield><subfield code="b">Wisconsin</subfield><subfield code="c">Ashland</subfield><subfield code="d">La Pointe.</subfield></datafield></record>